@article{EBEIDA2016110,
	title = "Recursive Spoke Darts: Local Hyperplane Sampling for Delaunay and Voronoi Meshing in Arbitrary Dimensions",
	journal = "Procedia Engineering",
	volume = "163",
	pages = "110 - 122",
	year = "2016",
	note = "25th International Meshing Roundtable",
	issn = "1877-7058",
	doi = "https://doi.org/10.1016/j.proeng.2016.11.033",
	url = "http://www.sciencedirect.com/science/article/pii/S1877705816333380",
	author = "Mohamed S. Ebeida and Ahmad A. Rushdi",
	keywords = "Delaunay Triangulation, Voronoi Meshes, High-Dimensional Spaces."
}

@inproceedings{fuetterling2014high,
  title= {High-Performance Delaunay Triangulation for Many-Core Computers.},
  author= {Fuetterling, Valentin and Lojewski, Carsten and Pfreundt, Franz-Josef},
  journal = { High Performance Graphics},
  year={2014}
}

@article{cignoni1998dewall,
  title={DeWall: A fast divide and conquer Delaunay triangulation algorithm in Ed},
  author={Cignoni, Paolo and Montani, Claudio and Scopigno, Roberto},
  journal={Computer-Aided Design},
  volume={30},
  number={5},
  pages={333--341},
  year={1998},
  publisher={Elsevier}
}

@INPROCEEDINGS{574023, 
	author={Sangyoon Lee and Chan-Ik Park and Chan-Mo Park}, 
	booktitle={Proceedings. Advances in Parallel and Distributed Computing}, 
	title={An improved parallel algorithm for Delaunay triangulation on distributed memory parallel computers}, 
	year={1997}, 
	volume={}, 
	number={}, 
	pages={131-138}, 
	keywords={computational complexity;distributed memory systems;mesh generation;parallel algorithms;Delaunay triangulation;computation time;distributed memory parallel computers;load balance;parallel algorithms;Computer science;Concurrent computing;Distributed computing;Merging;Parallel algorithms;Parallel processing;Partitioning algorithms;Rain;Shape;Solid modeling}, 
	doi={10.1109/APDC.1997.574023}, 
	ISSN={}, 
	month={Mar},
}
@inproceedings{cao2014gpu,
  title={A GPU accelerated algorithm for 3D Delaunay triangulation},
  author={Cao, Thanh-Tung and Nanjappa, Ashwin and Gao, Mingcen and Tan, Tiow-Seng},
  booktitle={Proceedings of the 18th meeting of the ACM SIGGRAPH Symposium on Interactive 3D Graphics and Games},
  pages={47--54},
  year={2014},
  organization={ACM}
}
@article{liparulo2015fuzzy,
  title={Fuzzy clustering using the convex hull as geometrical model},
  author={Liparulo, Luca and Proietti, Andrea and Panella, Massimo},
  journal={Advances in Fuzzy Systems},
  volume={2015},
  pages={6},
  year={2015},
  publisher={Hindawi Publishing Corp.}
}
@article{batista2010parallel,
  title={Parallel geometric algorithms for multi-core computers},
  author={Batista, Vicente HF and Millman, David L and Pion, Sylvain and Singler, Johannes},
  journal={Computational Geometry},
  volume={43},
  number={8},
  pages={663--677},
  year={2010},
  publisher={Elsevier}
}
@article{lo20153d,
  title={3D Delaunay triangulation of 1 billion points on a PC},
  author={Lo, SH},
  journal={Finite Elements in Analysis and Design},
  volume={102},
  pages={65--73},
  year={2015},
  publisher={Elsevier}
}
@article{si2015tetgen,
  title={TetGen, a Delaunay-based quality tetrahedral mesh generator},
  author={Si, Hang},
  journal={ACM Transactions on Mathematical Software (TOMS)},
  volume={41},
  number={2},
  pages={11},
  year={2015},
  publisher={ACM}
}